
@book{herbert_dune_2005,
	address = {New York},
	edition = {40th anniversary ed},
	title = {Dune},
	isbn = {9780441013593},
	publisher = {Ace Books},
	author = {Herbert, Frank},
	year = {2005},
	note = {OCLC: ocm61224395},
	keywords = {Dune (Imaginary place), Fiction, Science fiction},
}
