
@misc{peitzman_20_2022,
	title = {20 signs of leadership excellence},
	url = {https://www.entrepreneur.com/leadership/20-signs-of-leadership-excellence/400834},
	abstract = {There is ample discussion about the best styles of authority and how to emulate them, but far less about the more nuanced attributes of excellent leadershipâ€¦ until now.},
	language = {en},
	urldate = {2024-04-19},
	journal = {Entrepreneur},
	author = {Peitzman, John},
	month = jan,
	year = {2022},
}

@misc{wike_20_2023,
	title = {20 {Leadership} {Qualities} that {Make} a {Great} {Leader} ({With} {Tips})},
	shorttitle = {20 qualities of an effective leader},
	url = {https://www.indeed.com/career-advice/career-development/leadership-qualities-that-make-a-great-leader},
	abstract = {Whether you're leading a team or a meeting, developing and owning leadership skills can help you succeed at any stage in your career. Leadership skills include a combination of soft and technical skills, such as using your interpersonal skills to motivate your team or applying your technical knowledge to solve problems and complete tasks. Learning about the qualities of effective leaders can help you develop and apply these skills in your workplace.In this article, we discuss 20 qualities that make a leader great and offer tips on how to improve yours.Key takeaways:

    An effective leader possesses various qualities ranging from innovation, problem solving and a growth mindset to empathy and patience.
    Learning about these qualities can help leaders develop and apply these skills in the workplace, enabling them to motivate their teams and achieve their goals.
    Understanding preferred leadership styles, knowing their strengths and where they can improve and finding a mentor are ways leaders can improve their capabilities.},
	language = {English},
	journal = {indeed Career Guide},
	author = {Wike, Erin},
	month = jun,
	year = {2023},
}

@misc{noauthor_your_nodate,
	title = {Your top 5 personal values},
	url = {https://personalvalu.es/results/7f6d1c04-a57e-4ec6-a0a6-c4451e654d78},
	abstract = {Results of the test. List of your top five personal values.},
	urldate = {2024-04-19},
}
