
@book{schoenbaum_admiralty_2019,
	address = {St. Paul, MN},
	edition = {Sixth edition},
	series = {Hornbook series},
	title = {Admiralty and maritime law},
	isbn = {9781634596886},
	abstract = {Previous editions published : 4th (2004) and 1st (1987)},
	publisher = {West Academic Publishing},
	author = {Schoenbaum, Thomas J.},
	year = {2019},
	keywords = {Maritime law, United States, Admiralty, United States},
}
