
@book{schoenbaum_admiralty_2019,
	pages = {684},
	location = {St. Paul, {MN}},
	edition = {Sixth edition},
	title = {Admiralty and Maritime Law},
	isbn = {978-1-63459-688-6},
	series = {Hornbook series},
	pagetotal = {1016},
	publisher = {West Academic Publishing},
	author = {Schoenbaum, Thomas J.},
	date = {2019},
	file = {Admiralty and Maritime Law (Hornbooks) - Thomas J. Schoenbaum.pdf:C\:\\Users\\avera\\Zotero\\storage\\8YQWQTIN\\Admiralty and Maritime Law (Hornbooks) - Thomas J. Schoenbaum.pdf:application/pdf},
}

@article{davies_teaching_2011,
	title = {Teaching Admiralty Requires Dismissing Important Subjects},
	volume = {55},
	%url = {https://scholarship.law.slu.edu/lj/vol55/iss2/3},
	pages = {483--490},
	number = {2},
	journaltitle = {{SAINT} {LOUIS} {UNIVERSITY} {LAW} {JOURNAL}},
	shortjournal = {St. Louis U. L.J.},
	author = {Davies, Martin J},
	date = {2011},
	langid = {english},
	file = {Davies - Teaching Admiralty Requires Dismissing Important S.pdf:C\:\\Users\\avera\\Zotero\\storage\\Y6H3PH2A\\Davies - Teaching Admiralty Requires Dismissing Important S.pdf:application/pdf},
}
